@Misc{LLVM官方网站,
note = {\url{https://llvm.org/}},
}
@Misc{Clang之AST节点解析,
note = {\url{https://www.jianshu.com/p/999eda35b2de}},
}
@Misc{Clang官方网站,
note = {\url{https://clang.llvm.org}},
}
@Misc{实现语义分析,
note = {\url{https://www.zhihu.com/question/20860085/answer/23516732}},
}